<record><leader>00000cas a22000007a 4500</leader><controlfield tag="001">11128994</controlfield><controlfield tag="008">840907d19031910ohudn ne      0    0eng d</controlfield><datafield ind1=" " ind2=" " tag="010"><subfield code="a">sn 84028493 </subfield></datafield><datafield ind1=" " ind2=" " tag="040"><subfield code="a">NPY</subfield><subfield code="b">eng</subfield><subfield code="c">NPY</subfield><subfield code="d">ONP</subfield><subfield code="d">NVF</subfield><subfield code="d">NVK</subfield><subfield code="d">OCLCQ</subfield><subfield code="d">DLC</subfield><subfield code="d">OCLCF</subfield><subfield code="d">OCLCO</subfield></datafield><datafield ind1="1" ind2=" " tag="029"><subfield code="a">AU@</subfield><subfield code="b">000020497443</subfield></datafield><datafield ind1=" " ind2=" " tag="042"><subfield code="a">msc</subfield></datafield><datafield ind1="0" ind2="0" tag="245"><subfield code="a">Canton morning news.</subfield></datafield><datafield ind1=" " ind2=" " tag="260"><subfield code="a">Canton, Ohio :</subfield><subfield code="b">Canton Morning News Pub. Co.,</subfield><subfield code="c">1903-1910.</subfield></datafield><datafield ind1=" " ind2=" " tag="300"><subfield code="a">v. :</subfield><subfield code="b">ill. ;</subfield><subfield code="c">59 cm.</subfield></datafield><datafield ind1=" " ind2=" " tag="310"><subfield code="a">Daily (except Sunday)</subfield></datafield><datafield ind1="0" ind2=" " tag="362"><subfield code="a">Vol. 21, no. 179 (Nov. 2, 1903)-Aug. 17, 1910.</subfield></datafield><datafield ind1=" " ind2=" " tag="500"><subfield code="a">"Democratic."</subfield></datafield><datafield ind1=" " ind2=" " tag="580"><subfield code="a">Weekly ed.: Stark County Democrat (Canton, Ohio).</subfield></datafield><datafield ind1=" " ind2=" " tag="580"><subfield code="a">Daily evening eds.: Canton evening times, 1910, and: News-Democrat (Canton, Ohio : Evening ed.), 1910.</subfield></datafield><datafield ind1=" " ind2="0" tag="651"><subfield code="a">Canton (Ohio)</subfield><subfield code="v">Newspapers.</subfield></datafield><datafield ind1=" " ind2="7" tag="655"><subfield code="a">Newspapers.</subfield><subfield code="2">fast</subfield><subfield code="0">(OCoLC)fst01423814</subfield></datafield><datafield ind1=" " ind2="7" tag="651"><subfield code="a">Ohio</subfield><subfield code="z">Canton.</subfield><subfield code="2">fast</subfield><subfield code="0">(OCoLC)fst01202881</subfield></datafield><datafield ind1=" " ind2=" " tag="752"><subfield code="a">United States</subfield><subfield code="b">Ohio</subfield><subfield code="c">Stark</subfield><subfield code="d">Canton.</subfield></datafield><datafield ind1="1" ind2=" " tag="775"><subfield code="t">Stark County Democrat (Canton, Ohio)</subfield><subfield code="x">2158-2793</subfield><subfield code="w">(DLC)sn 84028490</subfield><subfield code="w">(OCoLC)11128854</subfield></datafield><datafield ind1="1" ind2=" " tag="775"><subfield code="t">Canton evening times</subfield><subfield code="w">(DLC)sn 84028488</subfield></datafield><datafield ind1="1" ind2=" " tag="775"><subfield code="t">News-Democrat (Canton, Ohio : Evening ed.)</subfield><subfield code="w">(DLC)sn 84028489</subfield></datafield><datafield ind1="0" ind2="0" tag="780"><subfield code="t">News-Democrat (Canton, Ohio : 1888)</subfield><subfield code="w">(DLC)sn 84028492</subfield></datafield><datafield ind1="0" ind2="0" tag="785"><subfield code="t">News-Democrat (Canton, Ohio : Morning ed.)</subfield><subfield code="w">(DLC)sn 84028494</subfield></datafield></record>